%% This BibTeX bibliography file was created using BibDesk.
%% http://bibdesk.sourceforge.net/


%% Created for Thompson, Caroline at 2015-02-16 16:24:56 -0500 


%% Saved with string encoding Unicode (UTF-8) 



@inproceedings{selectionmethods,
	Author = {James Edward Baker},
	Booktitle = {Proceedings of the First International Conference on Genetic Algorithms and Their Applications},
	Date-Added = {2015-02-16 21:23:25 +0000},
	Date-Modified = {2015-02-16 21:24:56 +0000},
	Title = {Adaptive Selection Methods for Genetic Algorithms},
	Year = {2014}}

@conference{linearscaling,
	Author = {Maarten Keijzer},
	Booktitle = {Genetic Programming},
	Date-Added = {2015-02-16 21:00:09 +0000},
	Date-Modified = {2015-02-16 21:02:31 +0000},
	Title = {Improving Symbolic Regression with Interval Arithmetic and Linear Scaling},
	Year = {2003},
	Bdsk-File-1 = {YnBsaXN0MDDUAQIDBAUGJCVYJHZlcnNpb25YJG9iamVjdHNZJGFyY2hpdmVyVCR0b3ASAAGGoKgHCBMUFRYaIVUkbnVsbNMJCgsMDxJXTlMua2V5c1pOUy5vYmplY3RzViRjbGFzc6INDoACgAOiEBGABIAFgAdccmVsYXRpdmVQYXRoWWFsaWFzRGF0YV8QUC4uLy4uLy4uLy4uLy4uLy4uL1VzZXJzL2NhdGhvbXBzb24vRG93bmxvYWRzL2NocCUzQTEwLjEwMDclMkYzLTU0MC0zNjU5OS0wXzcucGRm0hcLGBlXTlMuZGF0YU8RAdYAAAAAAdYAAgAADE1hY2ludG9zaCBIRAAAAAAAAAAAAAAAAAAAAM/+x51IKwAAAIriWh9jaHAlM0ExMC4xMDA3JTJGMy01NCNCOTU0QUEucGRmAAAAAAAAAAAAAAAAAAAAAAAAAAAAAAAAAAAAAAAAAAAAuVSq0QfFZQAAAAAAAAAA/////wAACSAAAAAAAAAAAAAAAAAAAAAJRG93bmxvYWRzAAAQAAgAAM/+/90AAAARAAgAANEIC7UAAAABAAwAiuJaAIriUQAVG8QAAgBKTWFjaW50b3NoIEhEOlVzZXJzOgBjYXRob21wc29uOgBEb3dubG9hZHM6AGNocCUzQTEwLjEwMDclMkYzLTU0I0I5NTRBQS5wZGYADgBIACMAYwBoAHAAJQAzAEEAMQAwAC4AMQAwADAANwAlADIARgAzAC0ANQA0ADAALQAzADYANQA5ADkALQAwAF8ANwAuAHAAZABmAA8AGgAMAE0AYQBjAGkAbgB0AG8AcwBoACAASABEABIAPlVzZXJzL2NhdGhvbXBzb24vRG93bmxvYWRzL2NocCUzQTEwLjEwMDclMkYzLTU0MC0zNjU5OS0wXzcucGRmABMAAS8AABUAAgAR//8AAIAG0hscHR5aJGNsYXNzbmFtZVgkY2xhc3Nlc11OU011dGFibGVEYXRhox0fIFZOU0RhdGFYTlNPYmplY3TSGxwiI1xOU0RpY3Rpb25hcnmiIiBfEA9OU0tleWVkQXJjaGl2ZXLRJidUcm9vdIABAAgAEQAaACMALQAyADcAQABGAE0AVQBgAGcAagBsAG4AcQBzAHUAdwCEAI4A4QDmAO4CyALKAs8C2gLjAvEC9QL8AwUDCgMXAxoDLAMvAzQAAAAAAAACAQAAAAAAAAAoAAAAAAAAAAAAAAAAAAADNg==}}

@article{tournamentselection,
	Author = {Brad L. Miller and David E. Goldberg},
	Date-Added = {2015-02-13 21:41:05 +0000},
	Date-Modified = {2015-02-13 21:42:42 +0000},
	Journal = {Complex Systems},
	Title = {Genetic Algorithms, Tournament Selection, and the Effects of Noise},
	Year = {1995},
	Bdsk-File-1 = {YnBsaXN0MDDUAQIDBAUGJCVYJHZlcnNpb25YJG9iamVjdHNZJGFyY2hpdmVyVCR0b3ASAAGGoKgHCBMUFRYaIVUkbnVsbNMJCgsMDxJXTlMua2V5c1pOUy5vYmplY3RzViRjbGFzc6INDoACgAOiEBGABIAFgAdccmVsYXRpdmVQYXRoWWFsaWFzRGF0YV8QNy4uLy4uLy4uLy4uLy4uLy4uL1VzZXJzL2NhdGhvbXBzb24vRG93bmxvYWRzLzA5LTMtMi5wZGbSFwsYGVdOUy5kYXRhTxEBeAAAAAABeAACAAAMTWFjaW50b3NoIEhEAAAAAAAAAAAAAAAAAAAAz/7HnUgrAAAAiuJaCjA5LTMtMi5wZGYAAAAAAAAAAAAAAAAAAAAAAAAAAAAAAAAAAAAAAAAAAAAAAAAAAAAAAAAAAAAAAAAAAAAAAAC5Vc7RB8YyAAAAAAAAAAD/////AAAJIAAAAAAAAAAAAAAAAAAAAAlEb3dubG9hZHMAABAACAAAz/7/3QAAABEACAAA0QgMggAAAAEADACK4loAiuJRABUbxAACADVNYWNpbnRvc2ggSEQ6VXNlcnM6AGNhdGhvbXBzb246AERvd25sb2FkczoAMDktMy0yLnBkZgAADgAWAAoAMAA5AC0AMwAtADIALgBwAGQAZgAPABoADABNAGEAYwBpAG4AdABvAHMAaAAgAEgARAASACVVc2Vycy9jYXRob21wc29uL0Rvd25sb2Fkcy8wOS0zLTIucGRmAAATAAEvAAAVAAIAEf//AACABtIbHB0eWiRjbGFzc25hbWVYJGNsYXNzZXNdTlNNdXRhYmxlRGF0YaMdHyBWTlNEYXRhWE5TT2JqZWN00hscIiNcTlNEaWN0aW9uYXJ5oiIgXxAPTlNLZXllZEFyY2hpdmVy0SYnVHJvb3SAAQAIABEAGgAjAC0AMgA3AEAARgBNAFUAYABnAGoAbABuAHEAcwB1AHcAhACOAMgAzQDVAlECUwJYAmMCbAJ6An4ChQKOApMCoAKjArUCuAK9AAAAAAAAAgEAAAAAAAAAKAAAAAAAAAAAAAAAAAAAAr8=}}

@webpage{geneticprogramming,
	Author = {John R. Koza},
	Date-Added = {2015-02-13 21:29:12 +0000},
	Date-Modified = {2015-02-16 21:06:25 +0000},
	Rating = {5},
	Url = {http://www.genetic-programming.com/gpquadraticexample.html},
	Year = {2003},
	Bdsk-Url-1 = {http://www.genetic-programming.com/gpquadraticexample.html}}
