%% This BibTeX bibliography file was created using BibDesk.
%% http://bibdesk.sourceforge.net/


%% Created for Caroline Thompson at 2015-02-13 16:58:59 -0500 


%% Saved with string encoding Unicode (UTF-8) 



@article{tournamentselection,
	Author = {Brad L. Miller and David E. Goldberg},
	Date-Added = {2015-02-13 21:41:05 +0000},
	Date-Modified = {2015-02-13 21:42:42 +0000},
	Journal = {Complex Systems},
	Title = {Genetic Algorithms, Tournament Selection, and the Effects of Noise},
	Year = {1995}}

@book{geneticprogramming,
	Author = {John R. Koza},
	Date-Added = {2015-02-13 21:29:12 +0000},
	Date-Modified = {2015-02-13 21:30:38 +0000},
	Publisher = {MIT Press},
	Rating = {5},
	Title = {Genetic Programming: On the Programmng of Computers by Means of Natural Selection},
	Year = {1992}}
